<?xml version="1.0" encoding="UTF-8"?><collection xmlns="http://www.loc.gov/MARC21/slim"><record><leader>00453nam--2200169-i-4500</leader><controlfield tag="001">000002738</controlfield><controlfield tag="002">20161230</controlfield><controlfield tag="005">20161230201025</controlfield><controlfield tag="008">060222s1000------------r-----000-0-eng-d</controlfield><datafield ind1=" " ind2=" " tag="040"><subfield code="a">IFIN-HH</subfield></datafield><datafield ind1="1" ind2=" " tag="100"><subfield code="a">Batchelor, G.K</subfield></datafield><datafield ind1="1" ind2="0" tag="245"><subfield code="a">The theory of homogeneous turbulence</subfield><subfield code="c">G.K. Batchelor</subfield></datafield><datafield ind1=" " ind2=" " tag="260"><subfield code="a">Cambridge, University Press, 1953</subfield></datafield><datafield ind1=" " ind2=" " tag="300"><subfield code="a">XII + 197 P</subfield></datafield><datafield ind1=" " ind2=" " tag="490"><subfield code="a">Cambridge Monographs</subfield></datafield><datafield ind1=" " ind2=" " tag="852"><subfield code="a">10602</subfield><subfield code="c">532</subfield></datafield><datafield ind1=" " ind2=" " tag="CAT"><subfield code="a">Sys</subfield><subfield code="c">20100712</subfield><subfield code="h">151744</subfield></datafield></record></collection>